<?xml version="1.0" encoding="UTF-8"?><collection><record><leader>07310ntm a2200625 a 4500</leader><controlfield tag="001">006832758</controlfield><controlfield tag="003">MiAaHDL</controlfield><controlfield tag="005">20190719000000.0</controlfield><controlfield tag="006">m        d        </controlfield><controlfield tag="007">cr bn ---auaua</controlfield><controlfield tag="008">090629s1873    ua            00| ||ara d</controlfield><datafield tag="035" ind1=" " ind2=" "><subfield code="a">(MiU)006832758</subfield></datafield><datafield tag="035" ind1=" " ind2=" "><subfield code="a">sdr-miu006832758</subfield></datafield><datafield tag="040" ind1=" " ind2=" "><subfield code="a">MiU</subfield><subfield code="c">MiU</subfield><subfield code="e">amremm</subfield></datafield><datafield tag="043" ind1=" " ind2=" "><subfield code="a">n-us-mi</subfield></datafield><datafield tag="100" ind1="1" ind2=" "><subfield code="6">880-01</subfield><subfield code="a">Dasūqī, Muḥammad ibn Aḥmad ibn ʻArafah,</subfield><subfield code="d">-1815.</subfield></datafield><datafield tag="245" ind1="1" ind2="0"><subfield code="6">880-03</subfield><subfield code="a">Ḥāshiyat al-Shaykh al-Dasūqī ʻalá Sharḥ al-Risālah al-ʻAḍudīyah,</subfield><subfield code="f">[1290, i.e. 1873].</subfield></datafield><datafield tag="246" ind1="3" ind2="8"><subfield code="a">حاشية الدسوقى</subfield></datafield><datafield tag="260" ind1=" " ind2=" "><subfield code="c">[1873].</subfield></datafield><datafield tag="300" ind1=" " ind2=" "><subfield code="a">86 leaves :</subfield><subfield code="b">paper ;</subfield><subfield code="c">235 x 165 (170 x 95) mm. bound to 244 x 174 mm.</subfield></datafield><datafield tag="500" ind1=" " ind2=" "><subfield code="a">Shelfmark: Ann Arbor, University of Michigan, Special Collections Library, Isl. Ms. 955</subfield></datafield><datafield tag="500" ind1=" " ind2=" "><subfield code="a">Origin: As appears in colophon on p.169, copied by Muṣṭafá al-Ḥakīm ibn Aḥmad al-Ḥakīm al-Shāfiʻī al-Miṣrī with transcription completed 24 Shaʻbān 1290 [ca. 17 October 1873] likely in Egypt where the copyist was born and resided.</subfield></datafield><datafield tag="500" ind1=" " ind2=" "><subfield code="a">Former shelfmark: Mich. Isl. Ms. temp. no. 104</subfield></datafield><datafield tag="500" ind1=" " ind2=" "><subfield code="a">Binding: Boards covered in textured black cloth with black leather over spine (quarter binding) ; Western style binding ; pastedowns and flyleaves in wove paper printed with a floral vegetal pattern in pink and green ; spine gold-stamped with title and decorative accents over raised bands "حاشية الدسوقى" ; sewn in white thread, five stations ; overall in good condition with minor abrasion at spine.</subfield></datafield><datafield tag="500" ind1=" " ind2=" "><subfield code="a">Support: European (specifically Venetian made by the Galvani firm) laid paper with 8 laid lines per cm. (vertical), chain lines spaced 29-31 mm. apart (horizontal), and watermarks of crescent with face (human profile) in shield (see pp.2, 8, 12, 14, 20, etc.), "A G" (p.90) and "Andrea Galvani Pordenone" (see p.92 and compare Walz, The Paper trade of Egypt and the Sudan, 88-9 and Heawood no.860), sturdy, cream in color, well-burnished to glossy.</subfield></datafield><datafield tag="500" ind1=" " ind2=" "><subfield code="a">Decoration: Keywords (mainly "قوله") rubricated ; supplied in second and part of third gatherings only (see pp.21-43) ; elsewhere lacuna / spaces left but words never entered.</subfield></datafield><datafield tag="500" ind1=" " ind2=" "><subfield code="a">Script: Naskh-nastaʻlīq (talik) ; clear, spacious Egyptian / Turkish hand in a bold line ; serifless with slight effect of tilt to the left and of words descending to baseline, some elongation of horizontal strokes, lām alif ligature often resembling nūn with point assimilated with bowl, pointing in strokes rather than distinct dots.</subfield></datafield><datafield tag="500" ind1=" " ind2=" "><subfield code="a">Layout: Written in 21 lines per page ; frame-ruled.</subfield></datafield><datafield tag="500" ind1=" " ind2=" "><subfield code="a">Collation: i, 8 V(80), III (86), i ; quinions and final ternion ; quire numbering in the form of Hindu-Arabic numerals below large letter kāf, upper outer corner of the recto of the first leaf of each quire ; catchwords present ; pagination in pencil, Western numerals, supplied during digitization (includes flyleaves).</subfield></datafield><datafield tag="500" ind1=" " ind2=" "><subfield code="a">Colophon: "Scribal," triangular, reads "ووافق الفراغ من نسخ هذه الحاشية يوم الخميس الموافق اربعة عشرين شعبان الذي هو من سنة ١٢٩٠ تسعين ومائتين والف من هجرة المصطفى صلى الله عليه وسلم على يد افقر العباد واحوجهم الى الله تعالى مصطفى الحكيم بن المرحوم احمد الحكيم الشافعي مذهبا المصري مولودا واقامة غفر الله له ولوالديه ولمشايخه ولاحبابه ولجميع المسلمين بجاه نبي الله امين امين امين امين تم وصلى الله على سيدنا محمد وعلى اله وصحبه وسلم امين"</subfield></datafield><datafield tag="500" ind1=" " ind2=" "><subfield code="a">Explicit: "ذو علم واردت به عمرا وهذا اخر ما يسر الله جمعه واسأل الله الكريم المنان ذا الفضل والاحسان ان ينفع به الاخوان وصلى الله على سيدنا محمد وعلى اله وصحبه وسلم"</subfield></datafield><datafield tag="500" ind1=" " ind2=" "><subfield code="a">Incipit: "الحمد لله رب العالمين والصلاة والسلام على سيدنا محمد سيد المرسلين وعلى اله وصحبه اجمعين وبعد فيقول العبد الفقير محمد الدسوقي هذه تقييدات تتعلق بشرح العلامة السمرقندي على الرسالة العضدية استنبطها من تقرير شيخنا العلامة ابي الحسن علي بن احمد الصعيدي العدوي المالكي عليه سحائب الرحمة والرحمن امين ..."</subfield></datafield><datafield tag="500" ind1=" " ind2=" "><subfield code="a">Title from inscription on 'title page' (p.1).</subfield></datafield><datafield tag="500" ind1=" " ind2=" "><subfield code="a">Ms. codex.</subfield></datafield><datafield tag="510" ind1="4" ind2=" "><subfield code="a">Heawood, Edward. Watermarks mainly of the 17th and 18th centuries. Monumenta Chartae Papyraceae, vol. I Hilversum: The Paper Publications Society, 1950.</subfield></datafield><datafield tag="510" ind1="4" ind2=" "><subfield code="a">Walz, Terence. "The Paper trade of Egypt and the Sudan in the eighteenth and nineteenth centuries and its re-export to the Bilad as-Sudan." In The Trans-Saharan book trade: manuscript culture, Arabic literacy, and intellectual history in Muslim Africa. Graziano Krätli and Ghislaine Lydon, Eds. (Leiden : Brill, 2011):</subfield><subfield code="c">73-108.</subfield></datafield><datafield tag="510" ind1="4" ind2=" "><subfield code="a">Brockelmann, C. GAL,</subfield><subfield code="c">II 208 ; S II 288 (III. cmtre. 3 gloss b)</subfield></datafield><datafield tag="520" ind1="8" ind2=" "><subfield code="a">Careful copy of the gloss by Muḥammad al-Dasūqī (d.1815) upon the commentary by Abū al-Qāsim ibn Abī Bakr al-Samarqandī (15th cent.) on al-Risālah al-waḍʻīyah, the seminal treatise by ʻAḍud al-Dīn ʻAbd al-Raḥmān ibn Aḥmad al-Ījī (d. 1355?) on ʻilm al-waḍʻ.</subfield></datafield><datafield tag="538" ind1=" " ind2=" "><subfield code="a">Mode of access: Internet.</subfield></datafield><datafield tag="541" ind1=" " ind2=" "><subfield code="a">Acquired in the Fall of 1950.</subfield></datafield><datafield tag="546" ind1=" " ind2=" "><subfield code="a">Arabic.</subfield></datafield><datafield tag="561" ind1=" " ind2=" "><subfield code="a">On upper pastedown label with ex libris of James Heyworth-Dunne (d.1974), stamped with inventory numbers, "Ex Libris | J. Heyworth-Dunne | D. Lit. (London) | No. 7785" ; UM Library inscription on p.3 "Dunning | Heyworth-Dunne | 6-13-51 | 71955" ; glosses and marginal corrections (typically marked "ص" or "صح" and often with signes de renvoi).</subfield></datafield><datafield tag="600" ind1="1" ind2="0"><subfield code="a">Samarqandī, Abū al-Qāsim ibn Abī Bakr,</subfield><subfield code="d">15th cent.</subfield><subfield code="t">Sharḥ al-Risālah al-ʻAḍudīyah.</subfield></datafield><datafield tag="650" ind1=" " ind2="0"><subfield code="a">Manuscripts, Arabic</subfield><subfield code="z">Michigan</subfield><subfield code="z">Ann Arbor.</subfield></datafield><datafield tag="650" ind1=" " ind2="0"><subfield code="a">Language and languages</subfield><subfield code="x">Philosophy</subfield><subfield code="v">Early works to 1800.</subfield></datafield><datafield tag="650" ind1=" " ind2="0"><subfield code="a">Arabic language</subfield><subfield code="x">Semantics</subfield><subfield code="v">Early works to 1800.</subfield></datafield><datafield tag="650" ind1=" " ind2="0"><subfield code="a">Arabic philology</subfield><subfield code="v">Early works to 1800.</subfield></datafield><datafield tag="700" ind1="1" ind2=" "><subfield code="a">Heyworth-Dunne, J.</subfield><subfield code="q">(James),</subfield><subfield code="e">former owner.</subfield></datafield><datafield tag="700" ind1="0" ind2=" "><subfield code="6">880-07</subfield><subfield code="a">Muṣṭafá al-Ḥakīm ibn Aḥmad al-Ḥakīm al-Shāfiʻī al-Miṣrī,</subfield><subfield code="d">fl. 1873,</subfield><subfield code="e">scribe.</subfield></datafield><datafield tag="700" ind1="1" ind2=" "><subfield code="6">880-05</subfield><subfield code="a">Ījī, ʻAḍud al-Dīn ʻAbd al-Raḥmān ibn Aḥmad,</subfield><subfield code="d">-1355?</subfield><subfield code="t">Risālah al-waḍʻīyah.</subfield></datafield><datafield tag="773" ind1="0" ind2=" "><subfield code="a">Heyworth-Dunne Collection.</subfield></datafield><datafield tag="880" ind1="0" ind2=" "><subfield code="6">700-07/</subfield><subfield code="a">مصطفى الحكيم بن احمد الحكيم الشافعي المصري،</subfield><subfield code="e">ناسخ.</subfield></datafield><datafield tag="880" ind1="1" ind2=" "><subfield code="6">700-05/</subfield><subfield code="a">ايجي، عضد الدين عبد الرحمن بن احمد.</subfield><subfield code="t">رسالة الوضعية.</subfield></datafield><datafield tag="880" ind1="1" ind2="0"><subfield code="6">245-03/</subfield><subfield code="a">حاشية الشيخ الدسوقي على شرح الرسالة العضدية,</subfield><subfield code="f">[1290ه، 1873م].</subfield></datafield><datafield tag="880" ind1="1" ind2=" "><subfield code="6">100-01/</subfield><subfield code="a">دسوقي، محمد بن احمد بن عرفة.</subfield></datafield><datafield tag="CID" ind1=" " ind2=" "><subfield code="a">006832758</subfield></datafield><datafield tag="DAT" ind1="0" ind2=" "><subfield code="a">20190719102640.0</subfield><subfield code="b">20190719000000.0</subfield></datafield><datafield tag="DAT" ind1="1" ind2=" "><subfield code="a">20190719090653.0</subfield><subfield code="b">2019-07-19T16:12:14Z</subfield></datafield><datafield tag="DAT" ind1="2" ind2=" "><subfield code="a">2015-10-10T18:00:06Z</subfield></datafield><datafield tag="CAT" ind1=" " ind2=" "><subfield code="a">SDR-MIU</subfield><subfield code="d">EX LIBRIS - ALEPH</subfield><subfield code="l">prepare.pl-004-008</subfield></datafield><datafield tag="FMT" ind1=" " ind2=" "><subfield code="a">BK</subfield></datafield><datafield tag="HOL" ind1=" " ind2=" "><subfield code="0">sdr-miu006832758</subfield><subfield code="a">MiU</subfield><subfield code="b">SDR</subfield><subfield code="c">MIU</subfield><subfield code="p">mdp.39015079131366</subfield><subfield code="s">MIU</subfield><subfield code="1">006832758</subfield></datafield><datafield tag="974" ind1=" " ind2=" "><subfield code="b">MIU</subfield><subfield code="c">MIU</subfield><subfield code="d">20190719</subfield><subfield code="s">lit-dlps-dc</subfield><subfield code="u">mdp.39015079131366</subfield><subfield code="y">1873</subfield><subfield code="r">pd</subfield><subfield code="q">exp</subfield></datafield></record></collection>